@phdthesis{Fielding00,
        author = {Fielding Roy},
        title = {Architectural Styles and
the Design of Network-based Software Architectures},
        school = {University of California, Irvine},
        year = {2000}
}