%% This BibTeX bibliography file was created using BibDesk.
%% http://bibdesk.sourceforge.net/


%% Created for Dominique Fober at 2012-01-12 11:51:05 +0100 


%% Saved with string encoding Unicode (UTF-8) 



@inproceedings{hoos98,
	Author = {H. Hoos and K. Hamel and K. Renz and J. Kilian},
	Booktitle = {Proceedings of the International Computer Music Conference},
	Date-Added = {2012-01-12 11:50:58 +0100},
	Date-Modified = {2012-01-12 11:50:58 +0100},
	Organization = {ICMA},
	Pages = {451--454},
	Title = {The {GUIDO} {M}usic {N}otation {F}ormat - A {N}ovel {A}pproach for {A}dequately {R}epresenting {S}core-level {M}usic.},
	Year = {1998},
	Bdsk-File-1 = {YnBsaXN0MDDUAQIDBAUIJidUJHRvcFgkb2JqZWN0c1gkdmVyc2lvblkkYXJjaGl2ZXLRBgdUcm9vdIABqAkKFRYXGyIjVSRudWxs0wsMDQ4RFFpOUy5vYmplY3RzV05TLmtleXNWJGNsYXNzog8QgASABqISE4ACgAOAB1lhbGlhc0RhdGFccmVsYXRpdmVQYXRo0hgNGRpXTlMuZGF0YU8RAaIAAAAAAaIAAgAABm1hY2RvbQAAAAAAAAAAAAAAAAAAAAAAAAAAAMNjdgpIKwAAADzKLQ5pY21jOTgtZ21uLnBkZgAAAAAAAAAAAAAAAAAAAAAAAAAAAAAAAAAAAAAAAAAAAAAAAAAAAAAAAAAAAAAAAAAATgmPxY0RwQAAAAAAAAAAAAMABQAACSAAAAAAAAAAAAAAAAAAAAADZG9jAAAQAAgAAMNjZ/oAAAARAAgAAMWNA7EAAAABACAAPMotADzI+gA8ulgANYRCAAwq7AALfYgACMKNAAB5iAACAEFtYWNkb206VXNlcnM6Zm9iZXI6c3JjOmd1aWRvOnN2bjpndWlkb3NmOnRydW5rOmRvYzppY21jOTgtZ21uLnBkZgAADgAeAA4AaQBjAG0AYwA5ADgALQBnAG0AbgAuAHAAZABmAA8ADgAGAG0AYQBjAGQAbwBtABIAOlVzZXJzL2ZvYmVyL3NyYy9ndWlkby9zdm4vZ3VpZG9zZi90cnVuay9kb2MvaWNtYzk4LWdtbi5wZGYAEwABLwAAFQACAAz//wAAgAXSHB0eH1gkY2xhc3Nlc1okY2xhc3NuYW1lox8gIV1OU011dGFibGVEYXRhVk5TRGF0YVhOU09iamVjdF8QLS4uLy4uLy4uL3N2bi9ndWlkb3NmL3RydW5rL2RvYy9pY21jOTgtZ21uLnBkZtIcHSQloiUhXE5TRGljdGlvbmFyeRIAAYagXxAPTlNLZXllZEFyY2hpdmVyAAgAEQAWAB8AKAAyADUAOgA8AEUASwBSAF0AZQBsAG8AcQBzAHYAeAB6AHwAhgCTAJgAoAJGAkgCTQJWAmECZQJzAnoCgwKzArgCuwLIAs0AAAAAAAACAQAAAAAAAAAoAAAAAAAAAAAAAAAAAAAC3w==}}

@inproceedings{Orlarey:94,
	Author = {Y. Orlarey and D. Fober and S. Letz},
	Booktitle = {Proceedings of the International Computer Music Conference},
	Date-Added = {2009-04-22 10:53:47 +0200},
	Date-Modified = {2009-04-22 10:57:55 +0200},
	Editor = {ICMA},
	Pages = {243--250},
	Title = {Lambda {C}alculus and {M}usic {C}alculi},
	Year = {1994}}

@book{alex01,
	Author = {A. Alexandrescu},
	Date-Added = {2009-04-19 09:52:28 +0200},
	Date-Modified = {2009-04-19 09:54:19 +0200},
	Publisher = {Addison-Wesley},
	Title = {Modern {C}++ {D}esign: {G}eneric {P}rogramming and {D}esign {P}atterns {A}pplied.},
	Year = {2001}}

@inproceedings{daudin09a,
	Author = {C. Daudin and D. Fober and S. Letz and Y. Orlarey},
	Booktitle = {Proceedings of the {L}inux {A}udio {C}onference 2009},
	Date-Added = {2009-04-18 13:13:07 +0200},
	Date-Modified = {2009-04-18 13:16:21 +0200},
	Pages = {105--111},
	Title = {The {G}uido {E}ngine - a toolbox for music scores rendering.},
	Year = {2009}}

@inproceedings{lilypond06,
	Author = {Han-Wen Nienhuys},
	Booktitle = {Forum Internacional Software Livre 2006 (FISL7.0)},
	Date-Added = {2009-04-18 12:50:02 +0200},
	Date-Modified = {2009-04-18 12:50:51 +0200},
	Title = {LilyPond, Automated music formatting and the Art of Shipping.},
	Year = {2006}}

@inproceedings{gomb77,
	Author = {Gomberg, David A.},
	Booktitle = {Computers and the {H}umanities},
	Date-Added = {2009-02-27 16:39:52 +0100},
	Date-Modified = {2009-02-27 16:41:32 +0100},
	Pages = {63--80},
	Publisher = {Pergamon Press},
	Title = {A {C}omputer-{O}riented {S}ystem for {M}usic {P}rinting},
	Volume = {11},
	Year = {1977}}

@phdthesis{BIRD84,
	Author = {Bird, Donald Alvin},
	Date-Added = {2009-02-27 16:38:04 +0100},
	Date-Modified = {2009-02-27 16:38:45 +0100},
	School = {Indiana University},
	Title = {{M}usic {N}otation by {C}omputer},
	Year = {1984}}

@techreport{gourlay87b,
	Author = {John S. Gourlay and A. Parrish and D. Roush and F. Sola and Y. Tien},
	Date-Added = {2009-02-27 16:38:04 +0100},
	Date-Modified = {2009-02-27 16:38:30 +0100},
	Institution = {Department of Computer and Information Science, The Ohio State University},
	Title = {{C}omputer {F}ormatting of {M}usic.},
	Type = {Technical Report {OSU-CISRC-2/87-TR3}},
	Year = {1987}}

@inproceedings{SCORE,
	Author = {Leland, Smith},
	Booktitle = {Beyond MIDI, The handbook of Musical Codes.},
	Date-Added = {2009-02-27 16:30:05 +0100},
	Date-Modified = {2009-02-27 17:27:40 +0100},
	Pages = {252--280},
	Publisher = {MIT Press},
	Title = {{SCORE}},
	Year = {1997}}

@inproceedings{darms,
	Author = {Selfridge-Field, E.},
	Booktitle = {Beyond MIDI, The handbook of Musical Codes.},
	Date-Added = {2009-02-27 16:27:30 +0100},
	Date-Modified = {2009-02-27 16:32:53 +0100},
	Pages = {163--174},
	Publisher = {MIT Press},
	Title = {{DARMS}, {I}ts {D}ialiects, and {I}ts {U}ses},
	Year = {1997}}

@book{qt4,
	Author = {Jasmin Blanchette and Mark Summerfield},
	Date-Added = {2009-01-22 16:19:06 +0100},
	Date-Modified = {2009-01-22 16:20:56 +0100},
	Publisher = {Prentice Hall},
	Title = {C++ GUI Programming with Qt 4 (2nd Edition)},
	Year = {2008}}

@webpage{qtlibrary,
	Date-Added = {2009-01-21 18:34:24 +0100},
	Date-Modified = {2009-01-21 18:34:24 +0100},
	Url = {www.qtsoftware.com},
	Bdsk-Url-1 = {www.qtsoftware.com}}

@webpage{musixtex,
	Author = {Daniel Taupin, Ross Mitchell, Andreas Egler},
	Date-Added = {2009-01-09 16:07:51 +0100},
	Date-Modified = {2009-01-09 16:12:08 +0100},
	Title = {MusiXTeX Using TeX to write polyphonic or instrumental music.},
	Url = {http://icking-music-archive.org/},
	Bdsk-Url-1 = {http://icking-music-archive.org/}}

@inproceedings{Hewlett97,
	Author = {Walter B. Hewlett},
	Booktitle = {Beyond MIDI, The handbook of Musical Codes.},
	Date-Added = {2009-01-09 16:02:46 +0100},
	Date-Modified = {2009-02-25 19:00:49 +0100},
	Editor = {Selfridge-Field E.},
	Pages = {402--447},
	Publisher = {MIT Press},
	Title = {Muse{D}ata: {M}ultipurpose {R}epresentation.},
	Year = {1997}}

@inproceedings{Huron97,
	Author = {David Huron},
	Booktitle = {Beyond MIDI, The handbook of Musical Codes.},
	Date-Added = {2009-01-09 16:01:57 +0100},
	Date-Modified = {2009-02-25 19:00:23 +0100},
	Editor = {Selfridge-Field E.},
	Pages = {376--401},
	Publisher = {MIT Press},
	Title = {{H}umdrum and {K}ern: {S}elective {F}eature {E}ncoding.},
	Year = {1997}}

@inproceedings{good01,
	Author = {Good, M.},
	Booktitle = {The Virtual Score},
	Date-Added = {2009-01-09 16:00:15 +0100},
	Date-Modified = {2009-02-25 18:59:54 +0100},
	Editor = {W. B. Hewlett and E. Selfridge-Field},
	Pages = {113--124},
	Publisher = {MIT Press},
	Title = {Music{XML} for {N}otation and {A}nalysis.},
	Year = {2001}}

@book{selfridge97,
	Author = {Selfridge-Field, E.},
	Date-Added = {2009-01-09 15:58:28 +0100},
	Date-Modified = {2009-01-09 15:58:28 +0100},
	Publisher = {MIT Press},
	Title = {Beyond MIDI, The handbook of Musical Codes.},
	Year = {1997}}

@article{dann93b,
	Author = {Dannenberg R. B.},
	Date-Added = {2009-01-09 15:58:09 +0100},
	Date-Modified = {2009-02-25 19:01:26 +0100},
	Journal = {Computer Music Journal},
	Number = {3},
	Pages = {20-30},
	Title = {Music {R}epresentation {I}ssues, {T}echniques and {S}ystems},
	Volume = {17},
	Year = {1993}}

@inproceedings{lilypond03,
	Author = {Han-Wen Nienhuys and Jan Nieuwenhuizen},
	Booktitle = {Proceedings of the XIV Colloquium on Musical Informatics (XIV CIM 2003)},
	Date-Added = {2009-01-09 15:57:23 +0100},
	Date-Modified = {2009-02-25 18:59:35 +0100},
	Month = {May},
	Title = {Lily{P}ond, a system for automated music engraving.},
	Year = {2003}}

@inproceedings{laurson01,
	Author = {Mika Kuuskankare and Michael Laurson},
	Booktitle = {Proceedings of the International Computer Music Conference},
	Date-Added = {2009-01-09 15:55:45 +0100},
	Date-Modified = {2009-02-25 18:59:17 +0100},
	Organization = {ICMA},
	Pages = {131--134},
	Title = {{ENP} - {M}usic {N}otation {L}ibrary based on {C}ommon {L}isp and {CLOS}},
	Year = {2001}}

@inproceedings{Schott97,
	Author = {Bill Schottstaedt},
	Booktitle = {Beyond MIDI, The handbook of Musical Codes.},
	Date-Added = {2009-01-09 15:52:15 +0100},
	Date-Modified = {2009-02-25 18:58:55 +0100},
	Editor = {Selfridge-Field E.},
	Pages = {217--222},
	Publisher = {MIT Press},
	Title = {Common {M}usic {N}otation.},
	Year = {1997}}

@inproceedings{assayag86,
	Author = {Assayag G. and D. Timis},
	Booktitle = {Proceedings of the International Computer Music Conference},
	Date-Added = {2009-01-09 15:50:54 +0100},
	Date-Modified = {2009-02-25 18:58:37 +0100},
	Pages = {173--178},
	Title = {A {T}ool{B}ox for {M}usic {N}otation.},
	Year = {1986}}

@inproceedings{renz98,
	Author = {Renz K. and Hoos, H.},
	Booktitle = {Proceedings of the International Computer Music Conference},
	Date-Added = {2009-01-09 14:41:30 +0100},
	Date-Modified = {2009-02-25 18:57:07 +0100},
	Organization = {ICMA},
	Pages = {455--458},
	Title = {A {W}eb-based {A}pproach to {M}usic {N}otation {U}sing {GUIDO}},
	Year = {1998}}

@inproceedings{Fober:04b,
	Author = {D. Fober and S. Letz and Y. Orlarey},
	Booktitle = {Proceedings of the first Sound and Music Computing conference - SMC'04},
	Date-Added = {2009-01-09 13:25:36 +0100},
	Date-Modified = {2009-01-09 13:25:36 +0100},
	Organization = {IRCAM},
	Pages = {91--95},
	Title = {Open source tools for music representation and notation.},
	Year = {2004},
	Bdsk-File-1 = {YnBsaXN0MDDUAQIDBAUIJidUJHRvcFgkb2JqZWN0c1gkdmVyc2lvblkkYXJjaGl2ZXLRBgdUcm9vdIABqAkKFRYXGyIjVSRudWxs0wsMDQ4RFFpOUy5vYmplY3RzV05TLmtleXNWJGNsYXNzog8QgASABqISE4ACgAOAB1lhbGlhc0RhdGFccmVsYXRpdmVQYXRo0hgNGRpXTlMuZGF0YU8RAegAAAAAAegAAgAABm1hY2RvbQAAAAAAAAAAAAAAAAAAAAAAAAAAAMNjdgpIKwAAABgzVBBTTUMtMjAwNC0wMzEucGRmAAAAAAAAAAAAAAAAAAAAAAAAAAAAAAAAAAAAAAAAAAAAAAAAAAAAAAAAAAAAAAAAGDQ2vVtQ+gAAAAAAAAAAAAUABwAACSAAAAAAAAAAAAAAAAAAAAANTXVzaWNOb3RhdGlvbgAAEAAIAADDY2f6AAAAEQAIAAC9WzTaAAAAAQAgABgzVAAYMtcATk+CABgIpgAYCI4AF50UAAjCjQAAeYgAAgBdbWFjZG9tOlVzZXJzOmZvYmVyOkRvbWRvY3M6RG9tOkFydGljbGVzIC0gRG9zc2llcnM6U01DOlNNQzIwMDQ6TXVzaWNOb3RhdGlvbjpTTUMtMjAwNC0wMzEucGRmAAAOACIAEABTAE0AQwAtADIAMAAwADQALQAwADMAMQAuAHAAZABmAA8ADgAGAG0AYQBjAGQAbwBtABIAVlVzZXJzL2ZvYmVyL0RvbWRvY3MvRG9tL0FydGljbGVzIC0gRG9zc2llcnMvU01DL1NNQzIwMDQvTXVzaWNOb3RhdGlvbi9TTUMtMjAwNC0wMzEucGRmABMAAS8AABUAAgAM//8AAIAF0hwdHh9YJGNsYXNzZXNaJGNsYXNzbmFtZaMfICFdTlNNdXRhYmxlRGF0YVZOU0RhdGFYTlNPYmplY3RfEFkuLi8uLi8uLi8uLi8uLi9Eb21kb2NzL0RvbS9BcnRpY2xlcyAtIERvc3NpZXJzL1NNQy9TTUMyMDA0L011c2ljTm90YXRpb24vU01DLTIwMDQtMDMxLnBkZtIcHSQloiUhXE5TRGljdGlvbmFyeRIAAYagXxAPTlNLZXllZEFyY2hpdmVyAAgAEQAWAB8AKAAyADUAOgA8AEUASwBSAF0AZQBsAG8AcQBzAHYAeAB6AHwAhgCTAJgAoAKMAo4CkwKcAqcCqwK5AsACyQMlAyoDLQM6Az8AAAAAAAACAQAAAAAAAAAoAAAAAAAAAAAAAAAAAAADUQ==}}

@phdthesis{RENZ02,
	Author = {Kai Renz},
	Date-Added = {2009-01-09 13:24:02 +0100},
	Date-Modified = {2009-01-09 13:24:02 +0100},
	School = {Technischen Universit{\"a}t Darmstadt},
	Title = {Algorithms and Data Structures for a Music Notation System based on GUIDO Music Notation},
	Year = {2002},
	Bdsk-File-1 = {YnBsaXN0MDDUAQIDBAUIJidUJHRvcFgkb2JqZWN0c1gkdmVyc2lvblkkYXJjaGl2ZXLRBgdUcm9vdIABqAkKFRYXGyIjVSRudWxs0wsMDQ4RFFpOUy5vYmplY3RzV05TLmtleXNWJGNsYXNzog8QgASABqISE4ACgAOAB1lhbGlhc0RhdGFccmVsYXRpdmVQYXRo0hgNGRpXTlMuZGF0YU8RAa4AAAAAAa4AAgAABm1hY2RvbQAAAAAAAAAAAAAAAAAAAAAAAAAAAMNjdgpIKwAAADzKLRFrYWlfcmVuel9kaXNzLnBkZgAAAAAAAAAAAAAAAAAAAAAAAAAAAAAAAAAAAAAAAAAAAAAAAAAAAAAAAAAAAAAAPMybxPUjDwAAAAAAAAAAAAMABQAACSAAAAAAAAAAAAAAAAAAAAADZG9jAAAQAAgAAMNjZ/oAAAARAAgAAMT1Bu8AAAABACAAPMotADzI+gA8ulgANYRCAAwq7AALfYgACMKNAAB5iAACAERtYWNkb206VXNlcnM6Zm9iZXI6c3JjOmd1aWRvOnN2bjpndWlkb3NmOnRydW5rOmRvYzprYWlfcmVuel9kaXNzLnBkZgAOACQAEQBrAGEAaQBfAHIAZQBuAHoAXwBkAGkAcwBzAC4AcABkAGYADwAOAAYAbQBhAGMAZABvAG0AEgA9VXNlcnMvZm9iZXIvc3JjL2d1aWRvL3N2bi9ndWlkb3NmL3RydW5rL2RvYy9rYWlfcmVuel9kaXNzLnBkZgAAEwABLwAAFQACAAz//wAAgAXSHB0eH1gkY2xhc3Nlc1okY2xhc3NuYW1lox8gIV1OU011dGFibGVEYXRhVk5TRGF0YVhOU09iamVjdF8QMC4uLy4uLy4uL3N2bi9ndWlkb3NmL3RydW5rL2RvYy9rYWlfcmVuel9kaXNzLnBkZtIcHSQloiUhXE5TRGljdGlvbmFyeRIAAYagXxAPTlNLZXllZEFyY2hpdmVyAAgAEQAWAB8AKAAyADUAOgA8AEUASwBSAF0AZQBsAG8AcQBzAHYAeAB6AHwAhgCTAJgAoAJSAlQCWQJiAm0CcQJ/AoYCjwLCAscCygLXAtwAAAAAAAACAQAAAAAAAAAoAAAAAAAAAAAAAAAAAAAC7g==}}

@techreport{guido,
	Author = {Hoos, H. H. and Hamel, K. A.},
	Date-Added = {2009-01-09 13:23:30 +0100},
	Date-Modified = {2009-02-25 18:55:00 +0100},
	Institution = {Technische Universitat Darmstadt},
	Title = {The {GUIDO} {M}usic {N}otation {F}ormat {S}pecification - Version 1.0, Part 1: Basic {GUIDO}.},
	Type = {Technical Report {TI 20/97}},
	Year = {1997}}
