%% This BibTeX bibliography file was created using BibDesk.
%% http://bibdesk.sourceforge.net/


%% Created for Dominique Fober at 2014-01-08 17:39:07 +0100 


%% Saved with string encoding Unicode (UTF-8) 



@phdthesis{ref1,
	Author = {Kai Renz},
	School = {Technische Universit{\"a}t Darmstadt},
	Title = {Algorithms and Data Structures for a Music Notation System based on Guido Music Notation},
	Year = {2002}}

@book{ref2,
	Author = {Elaine Gould},
	Publisher = {Faber Music Ltd},
	Title = {Behind Bars},
	Year = {2011}}

@book{ref3,
	Author = {Kurt Stone},
	Publisher = {W. W. Norton \& Company},
	Title = {Music Notation in the Twentieth Century - A practical guidebook},
	Year = {1980}}

@article{ref4,
	Author = {D. Fober and Y. Orlarey and S. Letz},
	Date-Modified = {2014-01-08 16:35:42 +0000},
	Title = {Composition de Partitions Musicales},
	Year = {2012}}

@article{ref5,
	Author = {C. Daudin and D. Fober and Y. Orlarey and S. Letz},
	Date-Modified = {2014-01-08 16:36:56 +0000},
	Title = {La librairie Guido - Une bo{\^\i}te {\`a} outils pour le rendu de partitions musicales},
	Year = {2009}}

@article{ref6,
	Author = {H. Hoos and K. A.  Hamel and K. Renz and J. Kilian},
	Date-Modified = {2014-01-08 16:38:19 +0000},
	Journal = {Proceedings of the International Computer Music Conference},
	Pages = {451-454},
	Title = {The Guido Music Notation Format - a novel approach for adequately representing score-level music},
	Year = {1998}}

@misc{ref7,
	Note = {http://www.lilypond.org/}}

@book{ref8,
	Author = {Gardner Read},
	Publisher = {Taplinger Publishing Company},
	Title = {Music Notation. A Manual of Modern Practice},
	Year = {1979}}
