@book{rameau:1722,
author = {Rameau, Jean-Philippe},
title = {Trait\'e de l'harmonie r\'eduite \`a ses principes naturels},
publisher = {Jean-Baptiste-Christophe Ballard},
address={Paris},
year = {1722}
}
@book{schenker:1935,
author = {Schenker, Heinrich},
title = {Der freie Satz},
publisher = {Universal Edition},
address={Vienna},
year = {1935}
}
@inproceedings{solomon:2014,
        Author = {Mike Solomon and Yann Orlarey and Dominique Fober and St\'ephane Letz},
        Title = {Providing Music Notation Services over Internet},
        Booktitle = {Proceedings of the Linux Audio Conference},
        Year = {2014},
        Address = {Karlsruhe}}

@inproceedings{good2001musicxml,
  title={MusicXML: An internet-friendly format for sheet music},
  author={Good, Michael and others},
  booktitle={XML Conference and Expo},
  pages={3--4},
  year={2001},
  organization={Citeseer}
}

@inproceedings{roland2002music,
  title={The music encoding initiative (mei)},
  author={Roland, Perry},
  booktitle={Proceedings of the First International Conference on Musical Applications Using XML},
  pages={55--59},
  year={2002}
}
@inproceedings{alvaro2010musicjson,
  title={MusicJSON: A Representation for the Computer Music Cloud},
  author={Alvaro, Jesus L and Barros, Beatriz},
  booktitle={Proceedings of the 7th Sound and Music Computer Conference, Barcelona},
  year={2010}
}

@book{hultberg2000printed,
  title={The printed score as a mediator of musical meaning approaches to music notation in western tonal music},
  author={Hultberg, Cecilia},
  volume={2},
  year={2000},
  publisher={Lund University}
}

@book{mason1953feedback,
  title={Feedback Theory: I. Some Properties of Signal Flow Graphs},
  author={Mason, Samuel J},
  year={1953},
  publisher={Massachusetts Institute of Technology, Research Laboratory of Electronics}
}

@inproceedings{foote1999visualizing,
  title={Visualizing music and audio using self-similarity},
  author={Foote, Jonathan},
  booktitle={Proceedings of the seventh ACM international conference on Multimedia (Part 1)},
  pages={77--80},
  year={1999},
  organization={ACM}
}

@inproceedings{wagner2002design,
  title={How to design a general rule markup language},
  author={Wagner, Gerd},
  booktitle={In Invited talk at the Workshop XML Technologien f{\"u}r das Semantic Web (XSW 2002},
  year={2002},
  organization={Citeseer}
}

@inproceedings{shieber1984design,
  title={The design of a computer language for linguistic information},
  author={Shieber, Stuart M},
  booktitle={Proceedings of the 10th International Conference on Computational Linguistics and 22nd annual meeting on Association for Computational Linguistics},
  pages={362--366},
  year={1984},
  organization={Association for Computational Linguistics}
}

@article{hoare1969axiomatic,
  title={An axiomatic basis for computer programming},
  author={Hoare, Charles Antony Richard},
  journal={Communications of the ACM},
  volume={12},
  number={10},
  pages={576--580},
  year={1969},
  publisher={ACM}
}

@article{salwicki1970formalized,
  title={Formalized algorithmic languages},
  author={Salwicki, Andrzej},
  journal={Bull. Acad. Pol. Sci., Ser. Sci. Math. Astr. Phys},
  volume={18},
  number={5},
  pages={227--232},
  year={1970}
}
@article{gruber1993translation,
  title={A translation approach to portable ontology specifications},
  author={Gruber, Thomas R},
  journal={Knowledge acquisition},
  volume={5},
  number={2},
  pages={199--220},
  year={1993},
  publisher={Elsevier}
}

@techreport{qiu1999programming,
  title={Programming Language Translation},
  author={Qiu, Lili},
  year={1999},
  institution={Cornell University}
}