

% biblio

@phdthesis{ref1,
title = {Algorithms and Data Structures for a Music Notation System based on Guido Music Notation},
author = {Kai Renz},
school = {Technische Universität Darmstadt},
year = {2002}
}

@book{ref2,
author = {Elaine Gould},
title = {Behind Bars},
publisher = {Faber Music Ltd},
year = {2011}
}

@book{ref3,
author = {Kurt Stone},
title = {Music Notation in the Twentieth Century - A practical guidebook},
publisher = {W. W. Norton \& Company},
year = {1980}
}

@article{ref4,
title = {Composition de Partitions Musicales},
author = {D. Fober, Y. Orlarey, S. Letz},
year = {2012},
}

@article{ref5,
title = {La librairie Guido -  Une boîte à outils pour le rendu de partitions musicales},
author = {C. Daudin, D. Fober, Y. Orlarey, S. Letz},
year = {2009},
}

@article{ref6,
title = {The Guido Music Notation Format - a novel approach for adequately representing score-level music},
author = {H. Hoos, Hamel K. A., Renz K., and Kilian J.},
journal = {Proceedings of the International Computer Music Conference},
pages = {451-454},
year = {1998}
}

@misc{ref7,
note = {http://www.lilypond.org/},
}

@book{ref8,
author = {Gardner Read},
title = {Music Notation. A Manual of Modern Practice},
publisher = {Taplinger Publishing Company},
year = {1979}
}